@inproceedings{nameOfRef,
  title={Some Cool Title},
  author={Lui, Arthur and Lui Arthur II},
  booktitle={Some interesting book},
  pages={1--100},
  year={2016}
}
